@inproceedings{torrents15,
  author    = {J. Torrents{-}Barrena and
               J. Melendez and
               A. Valls and
               P. Romero and
               D. Puig},
  title     = {Screening for Diabetic Retinopathy through Retinal Colour Fundus Images using Convolutional Neural Networks},
  booktitle = {Artificial Intelligence Research and Development - Proceedings of the 18th International Conference of the Catalan Association for Artificial Intelligence. IOSPress},
  pages     = {259-262},
  year      = {2015}
}



@article{ILSVRC15,
Author = {O. Russakovsky and J. Deng and H. Su and J. Krause and S. Satheesh and S. Ma and Z. Huang and A. Karpathy and A. Khosla and M. Bernstein and A. C. Berg and L. Fei-Fei},
Title = {{ImageNet Large Scale Visual Recognition Challenge}},
Year = {2015},
journal   = {International Journal of Computer Vision (IJCV)},
volume={115},
number={3},
pages={211-252}
}

@incollection{Krizhevsky:2012,
	title = {ImageNet Classification with Deep Convolutional Neural Networks},
	author = {A. Krizhevsky and I. Sutskever and G. E. Hinton},
	booktitle = {Advances in Neural Information Processing Systems 25},
	pages = {1097--1105},
	year = {2012},
	publisher = {Curran Associates, Inc.}
}

@inproceedings{googlenet,
title = {Going Deeper with Convolutions},
author  = {C. Szegedy and W. Liu and Y. Jia and P. Sermanet and S. Reed and D. Anguelov and D. Erhan and V. Vanhoucke and A. Rabinovich},
year  = 2015,
URL = {http://arxiv.org/abs/1409.4842},
booktitle = {Computer Vision and Pattern Recognition (CVPR)}
}

@article{vggnet,
author    = {K. Simonyan and A. Zisserman},
title     = {Very Deep Convolutional Networks for Large-Scale Image Recognition},
journal   = {CoRR},
volume    = {abs/1409.1556},
year      = {2014},
url       = {http://arxiv.org/abs/1409.1556}
}

@article{sudha2014,
title={Analysis and detection of haemorrhages and exhudates in retinal images},
author={L. R. Sudha and S. Thirupurasundari},
journal={International Journal of Scientific and Research Publications},
volume={4},
pages={1-5},
year={2014}
}

@article{diaclass,
title={Proposed international clinical diabetic retinopathy and diabetic macular edema disease severity scales},
author={C.P. Wilkinson and F.L. Ferris 3rd and R.E. Klein and P.P. Lee and C.D. Agardh and M. Davis and D. Dills and A. Kampik and R. Pararajasegaram and J.T. Verdaguer},
journal={Ophthalmology},
volume={110(9)},
pages={1677-82},
year={2003}
}

@article{kappa,
title={Large sample standard errors of kappa and weighted kappa},
author={J. L. Fleiss and J. Cohen and B.S. Everitt},
journal={Psychological Bulletin},
volume={72(5)},
year={1969},
pages={323-327}
}

@article{kappa-benchmark,
title={Comparison Between Ophthalmoscopy and Fundus Photography in Determining Severity of Diabetic Retinopathy},
author={S. E. Moss and R. Klein and S.D. Kessler and K. A. Richie},
journal={Ophthalmology},
volume={92(1)},
pages={62-67},
year={1985}
}

@article{class-imbalance, 
title={Training neural network classifiers for medical decision making: The effects of imbalanced datasets on classification performance},
author={M. A. Mazurowski and P. A. Habas and J. M. Zurada and J. Y. Lo and J. A. Baker and G. D. Tourassi}, 
journal={Neural Networks}, 
volume={21(2-3)}, 
year={2008}, 
pages={427-436}
}

@INPROCEEDINGS{batch-norm,
  author = {S. Ioffe and C. Szegedy},
  title = {Batch Normalization: Accelerating Deep Network Training by Reducing Internal Covariate Shift},
  booktitle = {Deep Learning Symposium (NIPS 2015)},
  year={2015}
}


@article{ensembling,
title={Ensembling neural networks: Many could be better than all},
author={Z. Zhou and J. Wu and W. Tang},
journal={Artificial Intelligence},
volume={137},
year={2002},
pages={239-263}
}

@article{naturenn,
title={Deep learning},
author={Y. LeCun and Y. Bengio and G. Hinton},
journal={Nature},
volume={521},
year={2015},
pages={436-444}
}

@INPROCEEDINGS{kaiming,
author={K. He and X. Zhang and S. Ren and J. Sun},
booktitle={2015 IEEE International Conference on Computer Vision (ICCV)},
title={Delving Deep into Rectifiers: Surpassing Human-Level Performance on ImageNet Classification},
year={2015},
pages={1026-1034}
}

@ARTICLE{LeCun:98,
 author = {Y. LeCun and L. Bottou and Y. Bengio and P. Haffner},
 title = {Gradient-Based Learning Applied to Document Recognition},
 journal = {Proceedings of the IEEE},
 year = {1998},
 volume = {86},
 pages = {2278-2324},
 number = {11},
 month = {November}
}

@inproceedings{Dahl2013,
author = {G. E. Dahl and T. N. Sainath and G. E. Hinton},
title = {Improving Deep Neural Networks for {LVCSR} using Rectified Linear Units and Dropout},
booktitle={IEEE International Conference on Acoustics, Speech and Signal Processing (ICASSP)},
pages={8609--8613},
year={2013}
}

@inproceedings{baldi2013,
author = {P. Baldi and P. Sadowski},
title = {Understanding Dropout},
booktitle = {Advances in Neural Information Processing Systems (NIPS)},
volume = {26},   
pages = {2814-2822},
year = {2013}
}

@article{DBLP:journals/corr/SimonyanZ14a,
  author    = {K. Simonyan and A. Zisserman},
  title     = {Very Deep Convolutional Networks for Large-Scale Image Recognition},
  journal   = {CoRR},
  volume    = {abs/1409.1556},
  year      = {2014},
  url       = {http://arxiv.org/abs/1409.1556}
}

