@inproceedings{torrents15,
  author    = {Jordina Torrents{-}Barrena and
               Jaime Melendez and
               Aida Valls and
               Pere Romero and
               Domenec Puig},
  title     = {Screening for Diabetic Retinopathy through Retinal Colour Fundus Images using Convolutional Neural Networks},
  booktitle = {Artificial Intelligence Research and Development - Proceedings of the 18th International Conference of the Catalan Association for Artificial Intelligence. IOSPress},
  pages     = {259-262},
  year      = {2015}
}



@article{ILSVRC15,
Author = {Olga Russakovsky and Jia Deng and Hao Su and Jonathan Krause and Sanjeev Satheesh and Sean Ma and Zhiheng Huang and Andrej Karpathy and Aditya Khosla and Michael Bernstein and Alexander C. Berg and Li Fei-Fei},
Title = {{ImageNet Large Scale Visual Recognition Challenge}},
Year = {2015},
journal   = {International Journal of Computer Vision (IJCV)},
volume={115},
number={3},
pages={211-252}
}

@incollection{Krizhevsky:2012,
	title = {ImageNet Classification with Deep Convolutional Neural Networks},
	author = {Alex Krizhevsky and Sutskever, Ilya and Geoffrey E. Hinton},
	booktitle = {Advances in Neural Information Processing Systems 25},
	editor = {F. Pereira and C. J. C. Burges and L. Bottou and K. Q. Weinberger},
	pages = {1097--1105},
	year = {2012},
	publisher = {Curran Associates, Inc.},
	url = {http://papers.nips.cc/paper/4824-imagenet-classification-with-deep-convolutional-neural-networks.pdf}
}

@inproceedings{googlenet,
title = {Going Deeper with Convolutions},
author  = {Christian Szegedy and Wei Liu and Yangqing Jia and Pierre Sermanet and Scott Reed and Dragomir Anguelov and Dumitru Erhan and Vincent Vanhoucke and Andrew Rabinovich},
year  = 2015,
URL = {http://arxiv.org/abs/1409.4842},
booktitle = {Computer Vision and Pattern Recognition (CVPR)}
}

@article{vggnet,
author    = {Karen Simonyan and
Andrew Zisserman},
title     = {Very Deep Convolutional Networks for Large-Scale Image Recognition},
journal   = {CoRR},
volume    = {abs/1409.1556},
year      = {2014},
url       = {http://arxiv.org/abs/1409.1556},
timestamp = {Wed, 01 Oct 2014 15:00:05 +0200},
biburl    = {http://dblp.uni-trier.de/rec/bib/journals/corr/SimonyanZ14a},
bibsource = {dblp computer science bibliography, http://dblp.org}
}

@article{sudha2014,
title={Analysis and detection of haemorrhages and exhudates in retinal images},
author={L. R. Sudha and S. Thirupurasundari},
journal={International Journal of Scientific and Research Publications},
volume={4},
pages={1-5},
year={2014}
}

@article{diaclass,
title={Proposed international clinical diabetic retinopathy and diabetic macular edema disease severity scales},
author={Wilkinson CP and Ferris FL 3rd and Klein RE and Lee PP and Agardh CD and Davis M and Dills D and Kampik A and Pararajasegaram R and Verdaguer JT},
journal={Ophthalmology},
volume={110(9)},
pages={1677-82},
year={2003}
}

@article{kappa,
title={Large sample standard errors of kappa and weighted kappa},
author={Fleiss, Joseph L. and Cohen, Jacob and Everitt, B. S.},
journal={Psychological Bulletin},
volume={72(5)},
year={1969},
pages={323-327}
}

@article{kappa-benchmark,
title={Comparison Between Ophthalmoscopy and Fundus Photography in Determining Severity of Diabetic Retinopathy},
author={Moss SE and Klein R and Kessler SD and Richie KA},
journal={Ophthalmology},
volume={92(1)},
pages={62-67},
year={1985}
}

@article{class-imbalance, 
title={Training neural network classifiers for medical decision making: The effects of imbalanced datasets on classification performance},
author={Mazurowski MA and Habas PA and Zurada JM and Lo JY and Baker JA and Tourassi GD}, 
journal={Neural Networks}, 
volume={21(2-3)}, 
year={2008}, 
pages={427-436}
}

@INPROCEEDINGS{batch-norm,
  author = {Ioffe, S. and Szegedy, C.},
  title = {Batch Normalization: Accelerating Deep Network Training by Reducing Internal Covariate Shift},
  booktitle = {Deep Learning Symposium (NIPS 2015)},
  year={2015}
}


@article{ensembling,
title={Ensembling neural networks: Many could be better than all},
author={Zhi-Hua Zhou and Jianxin Wu and Wei Tang},
journal={Artificial Intelligence},
volume={137},
year={2002},
pages={239-263}
}

@article{naturenn,
title={Deep learning},
author={LeCun, Yann and Bengio, Yoshua and Hinton, Geoffrey},
journal={Nature},
volume={521},
year={2015},
pages={436-444}
}

@INPROCEEDINGS{kaiming,
author={K. He and X. Zhang and S. Ren and J. Sun},
booktitle={2015 IEEE International Conference on Computer Vision (ICCV)},
title={Delving Deep into Rectifiers: Surpassing Human-Level Performance on ImageNet Classification},
year={2015},
pages={1026-1034}
}

@ARTICLE{LeCun:98,
 author = {LeCun, Y. and Bottou, L. and Bengio, Y. and Haffner, P.},
 title = {Gradient-Based Learning Applied to Document Recognition},
 journal = {Proceedings of the IEEE},
 year = {1998},
 volume = {86},
 pages = {2278-2324},
 number = {11},
 month = {November},
 original = {orig/lecun-98.ps.gz}
}

@inproceedings{Dahl2013,
author = {Dahl, George E. and Sainath, Tara N. and Hinton, Geoffrey E.},
file = {:Users/arkade/Documents/Mendeley Desktop/reluDropoutBN\_icassp2013.pdf:pdf},
title = {Improving Deep Neural Networks for {LVCSR} using Rectified Linear Units and Dropout},
  booktitle={IEEE International Conference on Acoustics, Speech and Signal Processing (ICASSP)},
  pages={8609--8613},
  year={2013}
}

@inproceedings{baldi2013,
author = {P. Baldi and P. Sadowski},
title = {Understanding Dropout},
booktitle = {Advances in Neural Information Processing Systems (NIPS)},
editor = {C. J. C. Burges and  L. Bottou and M. Welling and Z. Ghahramani and K. Q. Weinberger},
volume = {26},   
pages = {2814-2822},
year = {2013}
}

@article{DBLP:journals/corr/SimonyanZ14a,
  author    = {Karen Simonyan and
               Andrew Zisserman},
  title     = {Very Deep Convolutional Networks for Large-Scale Image Recognition},
  journal   = {CoRR},
  volume    = {abs/1409.1556},
  year      = {2014},
  url       = {http://arxiv.org/abs/1409.1556},
  timestamp = {Wed, 01 Oct 2014 15:00:05 +0200},
  biburl    = {http://dblp.uni-trier.de/rec/bib/journals/corr/SimonyanZ14a},
  bibsource = {dblp computer science bibliography, http://dblp.org}
}
