@ARTICLE{Bengio-2009,
	author = {Bengio, Yoshua},
	title = {Learning deep architectures for {AI}},
	journal = {Foundations and Trends in Machine Learning},
	volume = {2},
	number = {1},
	year = {2009},
	pages = {1--127},
	note = {Also published as a book. Now Publishers, 2009.}
}

@article{Bengio:2013:RLR:2498740.2498889,
	author = {Bengio, Yoshua and Courville, Aaron and Vincent, Pascal},
	title = {Representation Learning: A Review and New Perspectives},
	journal = {IEEE Trans. Pattern Anal. Mach. Intell.},
	issue_date = {August 2013},
	volume = {35},
	number = {8},
	month = aug,
	year = {2013},
	issn = {0162-8828},
	pages = {1798--1828},
	numpages = {31},
	acmid = {2498889},
	publisher = {IEEE Computer Society},
	address = {Washington, DC, USA},
	keywords = {Learning systems,Machine learning,Abstracts,Feature extraction,Manifolds,Neural networks,Speech recognition,neural nets,Deep learning,representation learning,feature learning,unsupervised learning,Boltzmann machine,autoencoder},
} 

@article{888,
author = "J. Schmidhuber",
title = "Deep Learning in Neural Networks: An Overview",
journal = "Neural Networks",
pages = "85-117",
volume = "61",
year = "2015"} 

@incollection{NIPS2012_4824,
	title = {ImageNet Classification with Deep Convolutional Neural Networks},
	author = {Alex Krizhevsky and Sutskever, Ilya and Hinton, Geoffrey E},
	booktitle = {Advances in Neural Information Processing Systems 25},
	editor = {F. Pereira and C. J. C. Burges and L. Bottou and K. Q. Weinberger},
	pages = {1097--1105},
	year = {2012},
	publisher = {Curran Associates, Inc.}
}

@article{nature-deep-learning,
title = "Deep learning",
author = "Yann Lecun and Yoshua Bengio and Geoffrey Hinton",
year = "2015",
month = "5",
volume = "521",
pages = "436--444",
journal = "Nature",
issn = "0028-0836",
publisher = "Nature Publishing Group",
number = "7553"
}

@techreport{Ramos2003UsingTT,
	author = {Ramos, Juan},
	citeulike-article-id = {7616995},
	institution = {Department of Computer Science, Rutgers University, 23515 BPO Way, Piscataway, NJ, 08855e},
	keywords = {information\_retrieval, nlp, similarity, tfidf},
	posted-at = {2014-01-12 21:02:32},
	priority = {2},
	title = {{Using TF-IDF to Determine Word Relevance in Document Queries}},
	year = {2003}
}

@article{mehdiyev2016evaluating,
	title={Evaluating Forecasting Methods by Considering Different Accuracy Measures},
	author={Mehdiyev, Nijat and Enke, David and Fettke, Peter and Loos, Peter},
	journal={Procedia Computer Science},
	volume={95},
	pages={264--271},
	year={2016},
	publisher={Elsevier}
}

@article{cohen1960coefficient,
	title={A coefficient of agreement for nominal scales},
	author={Cohen, Jacob},
	journal={Educational and psychological measurement},
	volume={20},
	number={1},
	pages={37--46},
	year={1960},
	publisher={Sage Publications}
}

@article{cohen1968weighted,
	title={Weighted kappa: Nominal scale agreement provision for scaled disagreement or partial credit.},
	author={Cohen, Jacob},
	journal={Psychological bulletin},
	volume={70},
	number={4},
	pages={213},
	year={1968},
	publisher={American Psychological Association}
}

@inproceedings{DBLP:conf/ccia/TorreVP16,
	author    = {Jordi de la Torre and
	A{\"{\i}}da Valls and
	Domenec Puig},
	title     = {Diabetic Retinopathy Detection Through Image Analysis Using Deep Convolutional Neural Networks},
	booktitle = {Artificial Intelligence Research and Development - Proceedings of
	the 19th International Conference of the Catalan Association for Artificial
	Intelligence, Barcelona, Catalonia, Spain, October 19-21, 2016},
	pages     = {58--63},
	year      = {2016}
}

@inproceedings{DBLP:conf/ccia/Escorcia-Gutierrez16,
	author    = {Jos{\'{e}} Escorcia{-}Gutierrez and
	Jordina Torrents{-}Barrena and
	Pedro Romero{-}Aroca and
	A{\"{\i}}da Valls and
	Domenec Puig},
	title     = {Interactive Optic Disk Segmentation via Discrete Convexity Shape Knowledge Using High-Order Functionals},
	booktitle = {Artificial Intelligence Research and Development - Proceedings of the 19th International Conference of the Catalan Association for Artificial Intelligence, Barcelona, Catalonia, Spain, October 19-21, 2016},
	pages     = {39--44},
	year      = {2016}
}

@proceedings{DBLP:conf/ccia/2016,
  editor    = {{\`{A}}ngela Nebot and
               Xavier Binefa and
               Ramon L{\'{o}}pez de M{\'{a}}ntaras},
  title     = {Artificial Intelligence Research and Development - Proceedings of
               the 19th International Conference of the Catalan Association for Artificial
               Intelligence, Barcelona, Catalonia, Spain, October 19-21, 2016},
  series    = {Frontiers in Artificial Intelligence and Applications},
  volume    = {288},
  publisher = {{IOS} Press},
  year      = {2016},
  isbn      = {978-1-61499-695-8}
}


@inproceedings{torrents15,
  author    = {Jordina Torrents{-}Barrena and
               Jaime Melendez and
               Aida Valls and
               Pere Romero and
               Domenec Puig},
  title     = {Screening for Diabetic Retinopathy through Retinal Colour Fundus Images using Convolutional Neural Networks},
  booktitle = {Artificial Intelligence Research and Development - Proceedings of the 18th International Conference of the Catalan Association for Artificial Intelligence. IOSPress},
  pages     = {259-262},
  year      = {2015}
}


@article{ILSVRC15,
Author = {Olga Russakovsky and Jia Deng and Hao Su and Jonathan Krause and Sanjeev Satheesh and Sean Ma and Zhiheng Huang and Andrej Karpathy and Aditya Khosla and Michael Bernstein and Alexander C. Berg and Li Fei-Fei},
Title = {{ImageNet Large Scale Visual Recognition Challenge}},
Year = {2015},
journal   = {International Journal of Computer Vision (IJCV)},
volume={115},
number={3},
pages={211-252}
}

@incollection{Krizhevsky:2012,
	title = {ImageNet Classification with Deep Convolutional Neural Networks},
	author = {Alex Krizhevsky and Sutskever, Ilya and Geoffrey E. Hinton},
	booktitle = {Advances in Neural Information Processing Systems 25},
	editor = {F. Pereira and C. J. C. Burges and L. Bottou and K. Q. Weinberger},
	pages = {1097--1105},
	year = {2012},
	publisher = {Curran Associates, Inc.}
}

@inproceedings{googlenet,
title = {Going Deeper with Convolutions},
author  = {Christian Szegedy and Wei Liu and Yangqing Jia and Pierre Sermanet and Scott Reed and Dragomir Anguelov and Dumitru Erhan and Vincent Vanhoucke and Andrew Rabinovich},
year  = 2015,
booktitle = {Computer Vision and Pattern Recognition (CVPR)}
}

@article{vggnet,
author    = {Karen Simonyan and
Andrew Zisserman},
title     = {Very Deep Convolutional Networks for Large-Scale Image Recognition},
journal   = {CoRR},
volume    = {abs/1409.1556},
year      = {2014},
timestamp = {Wed, 01 Oct 2014 15:00:05 +0200}
}

@article{sudha2014,
title={Analysis and detection of haemorrhages and exhudates in retinal images},
author={L. R. Sudha and S. Thirupurasundari},
journal={International Journal of Scientific and Research Publications},
volume={4},
pages={1-5},
year={2014}
}


@article{diaclass,
	title={Global Diabetic Retinopathy Project Group. Proposed international clinical diabetic retinopathy and diabetic macular edema disease severity scales},
	author={Wilkinson, CP and Ferris 3rd, FL and Klein, Ronald E and Lee, Paul P and Agardh, Carl David and Davis, Matthew and Dills, Diana and Kampik, Anselm and Pararajasegaram, R and Verdaguer, Juan T},
	journal={Ophthalmology},
	volume={110},
	number={9},
	pages={1677--1682},
	year={2003}
}

@article{kappa,
title={Large sample standard errors of kappa and weighted kappa},
author={Fleiss, Joseph L. and Cohen, Jacob and Everitt, B. S.},
journal={Psychological Bulletin},
volume={72(5)},
year={1969},
pages={323-327}
}

@article{kappa-benchmark,
title={Comparison Between Ophthalmoscopy and Fundus Photography in Determining Severity of Diabetic Retinopathy},
author={Moss SE and Klein R and Kessler SD and Richie KA},
journal={Ophthalmology},
volume={92(1)},
pages={62-67},
year={1985}
}

@article{class-imbalance, 
title={Training neural network classifiers for medical decision making: The effects of imbalanced datasets on classification performance},
author={Mazurowski MA and Habas PA and Zurada JM and Lo JY and Baker JA and Tourassi GD}, 
journal={Neural Networks}, 
volume={21(2-3)}, 
year={2008}, 
pages={427-436}
}

@article{batch-norm,
	author    = {Sergey Ioffe and
	Christian Szegedy},
	title     = {Batch Normalization: Accelerating Deep Network Training by Reducing
	Internal Covariate Shift},
	journal   = {CoRR},
	volume    = {abs/1502.03167},
	year      = {2015},
	timestamp = {Mon, 02 Mar 2015 14:17:34 +0100},
}

@article{ensembling,
title={Ensembling neural networks: Many could be better than all},
author={Zhi-Hua Zhou and Jianxin Wu and Wei Tang},
journal={Artificial Intelligence},
volume={137},
year={2002},
pages={239-263}
}

@article{naturenn,
title={Deep learning},
author={LeCun, Yann and Bengio, Yoshua and Hinton, Geoffrey},
journal={Nature},
volume={521},
year={2015},
pages={436-444}
}

@INPROCEEDINGS{kaiming,
author={K. He and X. Zhang and S. Ren and J. Sun},
booktitle={2015 IEEE International Conference on Computer Vision (ICCV)},
title={Delving Deep into Rectifiers: Surpassing Human-Level Performance on ImageNet Classification},
year={2015},
pages={1026-1034}
}

@ARTICLE{LeCun:98,
 author = {LeCun, Y. and Bottou, L. and Bengio, Y. and Haffner, P.},
 title = {Gradient-Based Learning Applied to Document Recognition},
 journal = {Proceedings of the IEEE},
 year = {1998},
 volume = {86},
 pages = {2278-2324},
 number = {11},
 month = {November},
 original = {orig/lecun-98.ps.gz}
}

@inproceedings{Dahl2013,
author = {Dahl, George E. and Sainath, Tara N. and Hinton, Geoffrey E.},
file = {:Users/arkade/Documents/Mendeley Desktop/reluDropoutBN\_icassp2013.pdf:pdf},
title = {Improving Deep Neural Networks for {LVCSR} using Rectified Linear Units and Dropout},
  booktitle={IEEE International Conference on Acoustics, Speech and Signal Processing (ICASSP)},
  pages={8609--8613},
  year={2013}
}

@inproceedings{baldi2013,
author = {P. Baldi and P. Sadowski},
title = {Understanding Dropout},
booktitle = {Advances in Neural Information Processing Systems (NIPS)},
editor = {C. J. C. Burges and  L. Bottou and M. Welling and Z. Ghahramani and K. Q. Weinberger},
volume = {26},   
pages = {2814-2822},
year = {2013}
}

@article{DBLP:journals/corr/SimonyanZ14a,
  author    = {Karen Simonyan and
               Andrew Zisserman},
  title     = {Very Deep Convolutional Networks for Large-Scale Image Recognition},
  journal   = {CoRR},
  volume    = {abs/1409.1556},
  year      = {2014},
  timestamp = {Wed, 01 Oct 2014 15:00:05 +0200}
}


@article{DBLP:journals/corr/KingmaB14,
	author    = {Diederik P. Kingma and
	Jimmy Ba},
	title     = {Adam: {A} Method for Stochastic Optimization},
	journal   = {CoRR},
	volume    = {abs/1412.6980},
	year      = {2014},
	timestamp = {Thu, 01 Jan 2015 19:51:08 +0100}
}

@book{Goodfellow-et-al-2016,
	title={Deep Learning},
	author={Ian Goodfellow and Yoshua Bengio and Aaron Courville},
	publisher={MIT Press},
	year={2016}
}

@book{Murphy:2012:MLP:2380985,
	author = {Murphy, Kevin P.},
	title = {Machine Learning: A Probabilistic Perspective},
	year = {2012},
	isbn = {0262018020, 9780262018029},
	publisher = {The MIT Press},
} 

@article{hripcsak2002measuring,
	title={Measuring agreement in medical informatics reliability studies},
	author={Hripcsak, George and Heitjan, Daniel F},
	journal={Journal of biomedical informatics},
	volume={35},
	number={2},
	pages={99--110},
	year={2002},
	publisher={Elsevier}
}

@article{varma1992expert,
	title={Expert agreement in evaluating the optic disc for glaucoma},
	author={Varma, Rohit and Steinmann, William C and Scott, Ingrid U},
	journal={Ophthalmology},
	volume={99},
	number={2},
	pages={215--221},
	year={1992},
	publisher={Elsevier}
}

@article{gunther1999reliability,
	title={Reliability of radiographic assessment in hip and knee osteoarthritis},
	author={G{\"u}nther, Klaus P and Sun, Yi},
	journal={Osteoarthritis and Cartilage},
	volume={7},
	number={2},
	pages={239--246},
	year={1999},
	publisher={Elsevier}
}

@article{hintz2007interobserver,
	title={Interobserver reliability and accuracy of cranial ultrasound scanning interpretation in premature infants},
	author={Hintz, Susan R and Slovis, Thomas and Bulas, Dorothy and Van Meurs, Krisa P and Perritt, Rebecca and Stevenson, David K and Poole, W Kenneth and Das, Abhik and Higgins, Rosemary D and NICHD Neonatal Research Network and others},
	journal={The Journal of pediatrics},
	volume={150},
	number={6},
	pages={592--596},
	year={2007},
	publisher={Elsevier}
}

@article{patra2009interobserver,
	title={Interobserver agreement between primary graders and an expert grader in the Bristol and Weston diabetic retinopathy screening programme: a quality assurance audit},
	author={Patra, S and Gomm, EMW and Macipe, M and Bailey, C},
	journal={Diabetic Medicine},
	volume={26},
	number={8},
	pages={820--823},
	year={2009},
	publisher={Wiley Online Library}
}

@article{viera2005understanding,
	title={Understanding interobserver agreement: the kappa statistic},
	author={Viera, Anthony J and Garrett, Joanne M and others},
	journal={Fam Med},
	volume={37},
	number={5},
	pages={360--363},
	year={2005}
}

@article{DBLP:journals/corr/Graham14a,
	author    = {Benjamin Graham},
	title     = {Fractional Max-Pooling},
	journal   = {CoRR},
	volume    = {abs/1412.6071},
	year      = {2014}
}

@article{DBLP:journals/corr/ClevertUH15,
	author    = {Djork{-}Arn{\'{e}} Clevert and
	Thomas Unterthiner and
	Sepp Hochreiter},
	title     = {Fast and Accurate Deep Network Learning by Exponential Linear Units
	(ELUs)},
	journal   = {CoRR},
	volume    = {abs/1511.07289},
	year      = {2015}
}

@article{DBLP:journals/corr/DundarJC15,
	author    = {Aysegul Dundar and
	Jonghoon Jin and
	Eugenio Culurciello},
	title     = {Convolutional Clustering for Unsupervised Learning},
	journal   = {CoRR},
	volume    = {abs/1511.06241},
	year      = {2015}
}

@article{DBLP:journals/corr/LiaoC15a,
	author    = {Zhibin Liao and
	Gustavo Carneiro},
	title     = {Competitive Multi-scale Convolution},
	journal   = {CoRR},
	volume    = {abs/1511.05635},
	year      = {2015}
}

@article{saad1998online,
	title={Online algorithms and stochastic approximations},
	author={Saad, David},
	journal={Online Learning},
	volume={5},
	year={1998},
	publisher={Cambridge University Press}
}

@article{romero2006nonproliferative,
	title={Nonproliferative diabetic retinopathy and macular edema progression after phacoemulsification: prospective study},
	author={Romero-Aroca, Pedro and Fern{\'a}ndez-Ballart, Juan and Almena-Garcia, Matias and M{\'e}ndez-Mar{\'\i}n, Isabel and Salvat-Serra, Merce and Buil-Calvo, Jose A},
	journal={Journal of Cataract \& Refractive Surgery},
	volume={32},
	number={9},
	pages={1438--1444},
	year={2006},
	publisher={Elsevier}
}
