@ARTICLE{vanderGeeretal2000,
  author  = {van der Geer, J. and Hanraads, J. A. J. and Lupton, R. A.},
  title   = {The art of writing a scientific article},
  journal = {J. Sci. Commun.}, 
  volume  = {163},
  year    = {2000},
  pages   = {51-59}
}

@BOOK{StrunkWhite1979,
  author  = {Strunk Jr., W. and White, E. B.},
  title   = {The Elements of Style},
  edition = {3rd},
  address = {New York, NY},
  publisher = {Macmillan},
  year    = {1979}
}

@INCOLLECTION{MettamAdams1999,
  author  = {Mettam, G. R. and Adams, L. B.},
  title   = {How to prepare an electronic version of your article},
  editor  = {Jones, B. S. and Smith, R. Z.},
  booktitle = {Introduction to the Electronic Age},
  address = {New York, NY},
  publisher = {E-Publishing Inc.},
  year    = {1999},
  pages   = {281-304}
}
